<record><leader>00000cas a22000007a 4500</leader><controlfield tag="001">16793606</controlfield><controlfield tag="008">871001c19879999mauwr n       0   a0eng d</controlfield><datafield ind1=" " ind2=" " tag="010"><subfield code="a">sn 87001673 </subfield></datafield><datafield ind1=" " ind2=" " tag="040"><subfield code="a">NSD</subfield><subfield code="b">eng</subfield><subfield code="c">NSD</subfield><subfield code="d">MGN</subfield><subfield code="d">OCL</subfield><subfield code="d">OCLCQ</subfield></datafield><datafield ind1=" " ind2=" " tag="012"><subfield code="m">1</subfield></datafield><datafield ind1="1" ind2=" " tag="022"><subfield code="a">0895-7665</subfield><subfield code="l">0895-7665</subfield><subfield code="2">1</subfield></datafield><datafield ind1=" " ind2=" " tag="032"><subfield code="a">540290</subfield><subfield code="b">USPS</subfield></datafield><datafield ind1=" " ind2=" " tag="037"><subfield code="b">Coulter Press, Inc., 156 Church St., Clinton, MA 01510</subfield></datafield><datafield ind1=" " ind2=" " tag="042"><subfield code="a">msc</subfield><subfield code="a">nsdp</subfield></datafield><datafield ind1="0" ind2=" " tag="130"><subfield code="a">Banner (West Boylston, Mass.)</subfield></datafield><datafield ind1=" " ind2="4" tag="222"><subfield code="a">The Banner</subfield><subfield code="b">(Clinton, Mass.)</subfield></datafield><datafield ind1="1" ind2="4" tag="245"><subfield code="a">The banner.</subfield></datafield><datafield ind1=" " ind2=" " tag="260"><subfield code="a">West Boylston, MA :</subfield><subfield code="b">Coulter Press</subfield></datafield><datafield ind1=" " ind2=" " tag="300"><subfield code="a">v.</subfield></datafield><datafield ind1=" " ind2=" " tag="310"><subfield code="a">Weekly</subfield></datafield><datafield ind1="0" ind2=" " tag="362"><subfield code="a">Vol. 9, no. 31 (July 16, 1987)-</subfield></datafield><datafield ind1=" " ind2=" " tag="500"><subfield code="a">"Serving West Boylston and Boylston."</subfield></datafield><datafield ind1=" " ind2=" " tag="500"><subfield code="a">Place of publication is given also as Clinton, Mass.</subfield></datafield><datafield ind1=" " ind2=" " tag="752"><subfield code="a">United States</subfield><subfield code="b">Massachusetts</subfield><subfield code="c">Worcester</subfield><subfield code="d">West Boylston.</subfield></datafield><datafield ind1=" " ind2=" " tag="752"><subfield code="a">United States</subfield><subfield code="b">Massachusetts</subfield><subfield code="c">Worcester</subfield><subfield code="d">Boylston.</subfield></datafield><datafield ind1=" " ind2=" " tag="752"><subfield code="a">United States</subfield><subfield code="b">Massachusetts</subfield><subfield code="c">Worcester</subfield><subfield code="d">Clinton.</subfield></datafield><datafield ind1="0" ind2="0" tag="780"><subfield code="t">West Boylston banner</subfield><subfield code="x">0745-6492</subfield><subfield code="w">(DLC)sn 83007172</subfield><subfield code="w">(OCoLC)9320162</subfield></datafield><datafield ind1="1" ind2=" " tag="029"><subfield code="a">AU@</subfield><subfield code="b">000045332394</subfield></datafield></record>